% For great irony bib/bib.bib

% Dags articles
@article{Alami1998,
    author = {Alami, R and Chatila, R and Fleury, S and Ghallab, M and Ingrand, F},
    journal = {International Journal of Robotics Research},
    pages = {1--38},
    title = {{An Architecture for Autonomy}},
    year = {1998}
}
@inproceedings{Arrabales2009,
    author = {Arrabales, Ra\'{u}l and Ledezma, Agapito and Sanchis, Araceli},
    booktitle = {2009 IEEE Symposium on Computational Intelligence and Games},
    isbn = {978-1-4244-4814-2},
    pages = {217--224},
    publisher = {IEEE},
    title = {{Towards conscious-like behavior in computer game characters}},
    year = {2009}
}

% Øystein's articles
@article{kok2005non,
  title={Non-communicative multi-robot coordination in dynamic environments},
  author={Kok, J.R. and Spaan, M.T.J. and Vlassis, N.},
  journal={Robotics and Autonomous Systems},
  volume={50},
  number={2},
  pages={99--114},
  year={2005}
}

@article{koning2006modeling,
  title={Modeling interaction strategies using POS: An application to soccer robots},
  author={Koning, J.L. and Oudeyer, P.Y.},
  journal={Applied Intelligence},
  volume={25},
  number={1},
  pages={7--21},
  year={2006}
}

@inproceedings{lee2007transfer,
  title={Transfer Learning of Hierarchical Task-Network Planning Methods in a Real-Time Strategy Game},
  author={Lee-urban, S. and Mu{\~n}oz-avila, H. and Parker, A. and Kuter, U. and Nau, D.},
  booktitle={Proceedings of the ICAPS-07 Workshop on Planning and Learning},
  year={2007}
}

@inproceedings{van2004explainable,
  title={An Explainable Artificial Intelligence System for Small-unit Tactical Behavior},
  author={van Lent, M. and Fisher, W. and Mancuso, M.},
  booktitle={Proceedings of the Sixteenth Conference on Innovative Applications of Artificial Intelligence (IAAI-04)},
  pages={900--907},
  year={2004}
}

@mastersthesis{lin2004program,
  title={Program Steering: Improving Adaptability and Mode Selection via Dynamic Analysis},
  author={Lin, L.C.},
  year={2004},
  school={Massachusetts Institute of Technology}
}

@phdthesis{long2007enhanced,
  title={Enhanced NPC Behaviour Using Goal Oriented Action Planning},
  author={Long, E.},
  year={2007},
  school={University of Abertay Dundee}
}

%Magnus' articles 
@article{Lent2004,
author = {Lent, Michael Van and Fisher, William and Mancuso, Michael},
journal = {IAAI EMERGING APPLICATIONS},
pages = {900--907},
title = {{An explainable artificial intelligence system for small-unit tactical behavior}},
year = {2004}
}
@article{Sharma2007,
author = {Sharma, Manu and Holmes, Michael and Santamaria, Juan and Irani, Arya and Isbell, Charles and Ram, Ashwin},
journal = {In Proceedings of the Twentieth International Joint Conference on Artificial Intelligence},
pages = {1041--1046},
title = {{Transfer learning in real-time strategy games using hybrid CBR/RL}},
year = {2007}
}
@inproceedings{Weber2010,
author = {Weber, Ben G. and Mawhorter, Peter and Mateas, Michael and Jhala, Arnav},
booktitle = {Proceedings of the 2010 IEEE Conference on Computational Intelligence and Games},
month = aug,
pages = {115--122},
publisher = {IEEE},
title = {{Reactive planning idioms for multi-scale game AI}},
year = {2010}
}

%Stians stuff
@article{behrens2010agent,
  title={Agent-oriented control in real-time computer games},
  author={Behrens, T.},
  journal={Programming Multi-Agent Systems},
  pages={266--283},
  year={2010},
  publisher={Springer}
}
@inproceedings{hagelbäck2008using,
  title={Using multi-agent potential fields in real-time strategy games},
  author={Hagelb{\"a}ck, J. and Johansson, S.J.},
  booktitle={Proceedings of the 7th international joint conference on Autonomous agents and multiagent systems-Volume 2},
  pages={631--638},
  year={2008},
  organization={International Foundation for Autonomous Agents and Multiagent Systems}
}
@inproceedings{johansson2005mars,
  title={Mars a multi-agent system playing risk},
  author={Johansson, SJ and Olsson, F.},
  booktitle={Proceedings of Pacific Rim International Workshop on Multi-agents (PRIMA)},
  year={2005},
  organization={Citeseer}
}
@inproceedings{kobti2007multi,
  title={A multi-agent architecture for game playing},
  author={Kobti, Z. and Sharma, S.},
  booktitle={Computational Intelligence and Games, 2007. CIG 2007. IEEE Symposium on},
  pages={276--281},
  year={2007},
  organization={IEEE}
}
@article{sugandh2008real,
  title={Real-time plan adaptation for case-based planning in real-time strategy games},
  author={Sugandh, N. and Onta{\~n}{\'o}n, S. and Ram, A.},
  journal={Advances in Case-Based Reasoning},
  pages={533--547},
  year={2008},
  publisher={Springer}
}
@inproceedings{tan2008combined,
  title={A combined tactical and strategic hierarchical learning framework in multi-agent games},
  author={Tan, C.T. and Cheng, H.},
  booktitle={Proceedings of the 2008 ACM SIGGRAPH symposium on Video games},
  pages={115--122},
  year={2008},
  organization={ACM}
}

%slutt Stians stuff